<record><leader>00000cas a22000007a 4500</leader><controlfield tag="001">35231153</controlfield><controlfield tag="008">960813d19261971okuwr n       0    0eng d</controlfield><datafield ind1=" " ind2=" " tag="010"><subfield code="a">sn 96093883 </subfield></datafield><datafield ind1=" " ind2=" " tag="040"><subfield code="a">OBN</subfield><subfield code="b">eng</subfield><subfield code="c">OBN</subfield><subfield code="d">OCLCQ</subfield><subfield code="d">OCLCO</subfield></datafield><datafield ind1="1" ind2=" " tag="029"><subfield code="a">AU@</subfield><subfield code="b">000012746226</subfield></datafield><datafield ind1=" " ind2=" " tag="042"><subfield code="a">msc</subfield></datafield><datafield ind1=" " ind2=" " tag="043"><subfield code="a">n-us-ok</subfield></datafield><datafield ind1="0" ind2=" " tag="130"><subfield code="a">Carmen headlight (Carmen, Okla.)</subfield></datafield><datafield ind1="1" ind2="4" tag="245"><subfield code="a">The Carmen headlight.</subfield></datafield><datafield ind1="3" ind2=" " tag="246"><subfield code="a">Headlight</subfield></datafield><datafield ind1=" " ind2=" " tag="260"><subfield code="a">Carmen, Alfalfa County (Okla.) :</subfield><subfield code="b">Mrs. Grace A. Petet</subfield></datafield><datafield ind1=" " ind2=" " tag="300"><subfield code="a">v.</subfield></datafield><datafield ind1=" " ind2=" " tag="310"><subfield code="a">Weekly</subfield></datafield><datafield ind1="0" ind2=" " tag="362"><subfield code="a">Vol. 26, no. 38 (Apr. 1, 1926)-v. 71, no. 18 (Nov. 11, 1971).</subfield></datafield><datafield ind1=" " ind2=" " tag="515"><subfield code="a">Merged with: Aline chronoscope (Aline, Okla. : 1928), and Helena star, and Goltry-Meno news, to form: Alfalfa County news (Carmen, Okla. : 1971).</subfield></datafield><datafield ind1=" " ind2=" " tag="580"><subfield code="a">Issued with: Alfalfa County news (Carmen, Okla. : 1907), Oct. 25-Nov. 22, 1912.</subfield></datafield><datafield ind1=" " ind2="0" tag="651"><subfield code="a">Carmen (Okla.)</subfield><subfield code="v">Newspapers.</subfield></datafield><datafield ind1=" " ind2="0" tag="651"><subfield code="a">Alfalfa County (Okla.)</subfield><subfield code="v">Newspapers.</subfield></datafield><datafield ind1=" " ind2=" " tag="752"><subfield code="a">United States</subfield><subfield code="b">Oklahoma</subfield><subfield code="c">Alfalfa</subfield><subfield code="d">Carmen.</subfield></datafield><datafield ind1="0" ind2=" " tag="775"><subfield code="t">Alfalfa County news (Carmen, Okla. : 1907)</subfield><subfield code="w">(DLC)sn 96093881</subfield><subfield code="w">(OCoLC)35230875</subfield></datafield><datafield ind1="0" ind2="5" tag="780"><subfield code="t">Alfalfa County news (Carmen, Okla. : 1907)</subfield><subfield code="w">(DLC)sn 96093881</subfield><subfield code="w">(OCoLC)35230875</subfield></datafield><datafield ind1="0" ind2="0" tag="780"><subfield code="t">Headlight (Carmen, Okla.)</subfield><subfield code="w">(DLC)sn 96093882</subfield><subfield code="w">(OCoLC)35230949</subfield></datafield><datafield ind1="0" ind2="7" tag="785"><subfield code="a">T Aline chronoscope (Aline, Okla. : 1928)</subfield><subfield code="w">(DLC)sn 96093885</subfield><subfield code="w">(OCoLC)35231279</subfield></datafield><datafield ind1="0" ind2="7" tag="785"><subfield code="a">Goltry-Meno news</subfield><subfield code="w">(DLC)sn 96093887</subfield><subfield code="w">(OCoLC)35231502</subfield></datafield><datafield ind1="0" ind2="7" tag="785"><subfield code="a">Alfalfa County news (Carmen, Okla. : 1971)</subfield><subfield code="w">(DLC)sn 96093888</subfield><subfield code="w">(OCoLC)35231561</subfield></datafield><datafield ind1="0" ind2="7" tag="785"><subfield code="t">Helena star</subfield><subfield code="w">(DLC)sn 96093886</subfield><subfield code="w">(OCoLC)35231363</subfield></datafield></record>